@article{e1,
    author  = "George J. Klir AND Bo Yuan",
    title   = "Fuzzy sets and fuzzy logic: Theory and Applications
",
    pages   = "119--120"
}
@article{e2,
    author  = "Kwang H. Lee",
    title   = "Fuzzy sets and fuzzy logic: Theory and Applications
",
year="2005",
    pages   = "73--75"
}
@article{e3,
    author  = "Timothy J. Ross",
    title   = "Fuzzy Logic with engineering application
",
    pages   = "58--61"
}
@article{e4,
    author  = "Majid Hussain",
    title   = "Fuzzy Relations
",
year="2010"
}