
@article{r1,
    author  = "H. J. Zimmerman",
    title   = "Fuzzy set Theory-and its applications",
  
    pages   = "59--68"
}
@article{r2,
    author  = "Jian Zhou, Fan Yang and Ke Wang",
    title   = "Fuzzy arithmetic on LR fuzzy numbers
with applications to fuzzy programming",
    year    = "2016",
    journal = "Journal of Intelligent & Fuzzy Systems",
    pages   = "71--87"
}
@article{r3,
    author  = "George J. Klir and Bo Yuan",
    title   = "Fuzzy sets and fuzzy logic - Theory and applications",
    pages   = "97--108"
}